@online{richardsonFuzzyPSIOblivious2024,
  title      = {Fuzzy {{PSI}} via {{Oblivious Protocol Routing}}},
  author     = {Richardson, David and Rosulek, Mike and Xu, Jiayu},
  date       = {2024},
  number     = {2024/1642},
  url        = {https://eprint.iacr.org/2024/1642},
  urldate    = {2024-12-18},
  pubstate   = {prepublished},
  keywords   = {FPSI,Fuzzy Matching,Fuzzy Private Set Intersection},
  annotation = {Publication info: Preprint.}
}

@inproceedings{choEfficientConcurrentCovert2016,
  title     = {Efficient {{Concurrent Covert Computation}} of {{String Equality}} and {{Set Intersection}}},
  booktitle = {Topics in {{Cryptology}} - {{CT-RSA}} 2016},
  author    = {Cho, Chongwon and Dachman-Soled, Dana and Jarecki, Stanisław},
  editor    = {Sako, Kazue},
  date      = {2016},
  pages     = {164--179},
  publisher = {Springer International Publishing},
  location  = {Cham},
  doi       = {10.1007/978-3-319-29485-8_10},
  isbn      = {978-3-319-29485-8},
  langid    = {english},
  keywords  = {Block Cipher,Honest Party,Protocol Message,Random Oracle Model,String Equality}
}

@inproceedings{gaoEfficientFuzzyPrivate2025,
  title     = {Efficient {{Fuzzy Private Set Intersection}} from~{{Fuzzy Mapping}}},
  booktitle = {Advances in {{Cryptology}} – {{ASIACRYPT}} 2024},
  author    = {Gao, Ying and Qi, Lin and Liu, Xiang and Luo, Yuanchao and Wang, Longxin},
  editor    = {Chung, Kai-Min and Sasaki, Yu},
  date      = {2025},
  pages     = {36--68},
  publisher = {Springer Nature},
  location  = {Singapore},
  doi       = {10.1007/978-981-96-0938-3_2},
  isbn      = {978-981-96-0938-3},
  langid    = {english},
  keywords  = {Fuzzy mapping,Fuzzy private set intersection,Multi-query fuzzy reverse private membership test}
}

@inproceedings{vanbaarsenFuzzyPrivateSet2024,
  title     = {Fuzzy {{Private Set Intersection}} with~{{Large Hyperballs}}},
  booktitle = {Advances in {{Cryptology}} – {{EUROCRYPT}} 2024},
  author    = {family=Baarsen, given=Aron, prefix=van, useprefix=true and Pu, Sihang},
  editor    = {Joye, Marc and Leander, Gregor},
  date      = {2024},
  pages     = {340--369},
  publisher = {Springer Nature Switzerland},
  location  = {Cham},
  doi       = {10.1007/978-3-031-58740-5_12},
  isbn      = {978-3-031-58740-5},
  langid    = {english}
}

@inproceedings{ballGarblingGadgetsBoolean2016,
  title     = {Garbling {{Gadgets}} for {{Boolean}} and {{Arithmetic Circuits}}},
  booktitle = {Proceedings of the 2016 {{ACM SIGSAC Conference}} on {{Computer}} and {{Communications Security}}},
  author    = {Ball, Marshall and Malkin, Tal and Rosulek, Mike},
  date      = {2016-10-24},
  series    = {{{CCS}} '16},
  pages     = {565--577},
  publisher = {Association for Computing Machinery},
  location  = {New York, NY, USA},
  doi       = {10.1145/2976749.2978410},
  isbn      = {978-1-4503-4139-4}
}

@inproceedings{zahurTwoHalvesMake2015,
  title     = {Two {{Halves Make}} a {{Whole}}},
  booktitle = {Advances in {{Cryptology}} - {{EUROCRYPT}} 2015},
  author    = {Zahur, Samee and Rosulek, Mike and Evans, David},
  editor    = {Oswald, Elisabeth and Fischlin, Marc},
  date      = {2015},
  pages     = {220--250},
  publisher = {Springer},
  location  = {Berlin, Heidelberg},
  doi       = {10.1007/978-3-662-46803-6_8},
  isbn      = {978-3-662-46803-6},
  langid    = {english},
  keywords  = {Hash Function,Oblivious Transfer,Random Oracle,Security Parameter,Security Property}
}
